
@misc{Gao01,
 author = {Y. Gao and K.M. Mosalam.},
 title = {Deep Transfer Learning for Image-based Structural Damage Recognition},
 jounal = {Computer-Aided Civil and Infrastructure Engineering},
 volume = 33, 
 number = 9, 
 pages = {748-768},
 year = 2018
}

@misc{Gao02,
 author = {Y. Gao and K.M. Mosalam},
 title = {PEER Hub ImageNet (PHI-Net): A Large-Scale Multi-Attribute Benchmark Dataset of Structural Images},
 note = {PEER Report No.2019-07, Pacific Earthquake Engineering Research Center, University of California, Berkeley, CA},
 year = 2019
}

@misc{Gao03,
 author = {Y. Gao and K.M. Mosalam},
 title = {PEER Hub ImageNet: A Large-Scale Multiattribute Benchmark Data Set of Structural Images},
 journal = {Journal of Structural Engineering},
 volume = 146, 
 number = 10, 
 year = 2020
}

@misc{Gupta01,
 author = {A. Gupta and R. Ramanath and J. Shi and S. S. Keerthi},
 title = {Adam vs. SGD: Closing the generalization gap on image classification},
 journal = {13th Annual Workshop on Optimization for Machine Learning},
 year = 2021
}

@misc{Szegedy01,
 author = {Christian Szegedy et. al},
 title = {Going deeper with convolutions},
 jounal = {IEEE Conference on Computer Visiosn and Pattern Recognition},
 year = 2015
}

@misc{He01,
  author    = {Kaiming He and
               Xiangyu Zhang and
               Shaoqing Ren and
               Jian Sun},
  title     = {Deep Residual Learning for Image Recognition},
  journal   = {CoRR},
  volume    = {abs/1512.03385},
  year      = {2015},
}

@misc{Imagenet01,
 title = {PEER Hub Image-Net},
 note = {Face and Gesture  submission ID 324. {https://doi.org/10.55461/PHIN01152018}},
 year = 2018
}

@misc{Shorten01,
 author = {C. Shorten and T. M. Khoshgoftaar},
 title = {A survey on Image Data Augmentation for Deep Learning},
 jounal = {J Big Data}, 
 volume    = 6,
 number = 1, 
 year      = {2019},
}

@misc{Tome01,
 author = {E. S. Tomé and M. Pimentel and J. Figueiras},
 title = {Damage detection under environmental and operational effects using cointegration analysis - Application to experimental data from a cable-stayed bridge},
 jounal = {Mech Syst Signal Process}, 
 volume    = 135, 
 year      = {2020},
}

@misc{Wickramasinghe01,
 author = {W. R. Wickramasinghe and D. P. Thambiratnam and T. H. T. Chan and T. Nguyen},
 title = {Vibration characteristics and damage detection in a suspension bridge},
 jounal = {J Sound Vib}, 
 volume    = 375, 
 year      = {2016},
}

@misc{Yapar01,
 author = {O. Yapar and P. K. Basu, P. Volgyesi and A. Ledeczi},
 title = {Structural health monitoring of bridges with piezoelectric AE sensors},
 jounal = {Eng Fail Anal}, 
 volume    = 56, 
 year      = {2015}
}

@misc{Dohler01,
 author = {M. Döhler and F. Hille and L. Mevel and W. Rückeri},
 title = {Structural health monitoring with statistical methods during progressive damage test of S101 Bridge},
 jounal = {Eng Struct}, 
 volume = 69, 
 year     = {2014}
}

@misc{Garcia01,
 author = {D. García and D. Tcherniak},
 title = {An experimental study on the data-driven structural health monitoring of large wind turbine blades using a single accelerometer and actuator},
 jounal = {Mech Syst Signal Process}, 
 volume = 127, 
 year     = {2019}
}

@misc{Tcherniak01,
 author = {D. Tcherniak and L. L. Mølgaard},
 title = {Active vibration-based structural health monitoring system for wind turbine blade: Demonstration on an operating Vestas V27 wind turbine},
 jounal = {Wind turbine}, 
 volume = 16, 
 year     = {2017}
}

@misc{Elasha01,
 author = {F. Elasha and M. Greaves and D. Mba},
 title = {Planetary bearing defect detection in a commercial helicopter main gearbox with vibration and acoustic emission},
 jounal = {Struct Health Monit}, 
 volume = 17, 
 year     = {2018}
}

@misc{Ksica01,
 author = {F. Ksica and Z. Hadas and J. Hlinka},
 title = {Integration and test of piezocomposite sensors for structure health monitoring in aerospace},
 jounal = {Measurement}, 
 volume = 147, 
 year     = {2019}
}

@misc{Yu01,
 author = {Y. Yu and C. Wang and X. Gu and J. Li},
 title = {A novel deep learning-based method for damage identification of smart building structures},
 jounal = {Struct Health Monit}, 
 volume = 18, 
 number = 1, 
 year     = {2019}
}

@misc{Rashid01,
 author = {K. M. Rashid and J. Louis},
 title = {Times-series data augmentation and deep learning for construction equipment activity recognition},
 jounal = {Advanced Engineering Informatics}, 
 volume = 42, 
 year     = {2019}
}

@misc{Iannelli01,
 author = {P. Iannelli and F. Angeletti and P. Gasbarri and M. Panella and A. Rosato},
 title = {Deep learning-based Structural Health Monitoring for damage detection on a large space antenna},
 jounal = {Acta Astronaut}, 
 volume = 193, 
 year     = {2022}
}

@misc{Seventekidis01,
 author = {P. Seventekidis and D. Giagopoulos and A. Arailopoulos and O. Markogiannak},
 title = {Structural Health Monitoring using deep learning with optimal finite element model generated data},
 jounal = {Mech Syst Signal Process}, 
 volume = 145, 
 year     = {2020}
}

@misc{Zhao01,
 author = {R. Zhao and R. Yan, Z. Chen and K. Mao, P. Wang and R. X. Gao},
 title = {Deep learning and its applications to machine health monitoring},
 jounal = {Mech Syst Signal Process}, 
 volume = 115, 
 year     = {2019}
}

@misc{repo01,
 author = {G. Prasad},
 note = {https://github.com/gokulprasadthekkel/pytorch-multi-class-focal-loss/blob/master/focal$\_$loss.py}
}

@misc{ref01,
 author = {E. Anello},
 note = {{https://towardsdatascience.com/a-comprehensive-guide-to-image-augmentation-using-pytorch-fb162f2444be}}
}

@misc{ref02,
 author = {P. Sharma},
 note = {{https://www.analyticsvidhya.com/blog/2019/12/image-augmentation-deep-learning-pytorch/}}
}

@misc{ref03,
 author = {S. Chilamkurthy},
 note = {{https://pytorch.org/tutorials/beginner/transfe$\_$learning$\_$tutorial.html}}
}
